% This file was created with JabRef 2.10.
% Encoding: MacRoman


@Article{angulo2012scaling,
  Title                    = {Scaling relations for galaxy clusters in the Millennium-XXL simulation},
  Author                   = {Angulo, RE and Springel, V and White, SDM and Jenkins, A and Baugh, CM and Frenk, CS},
  Journal                  = {MNRAS},
  Year                     = {2012},
  Number                   = {3},
  Pages                    = {2046--2062},
  Volume                   = {426},

  Publisher                = {Oxford University Press}
}

@Article{baldry2006galaxy,
  Title                    = {Galaxy bimodality versus stellar mass and environment},
  Author                   = {Baldry, Ivan K and Balogh, Michael L and Bower, RG and Glazebrook, K and Nichol, Robert C and Bamford, Steven P and Budavari, T},
  Journal                  = {MNRAS},
  Year                     = {2006},
  Number                   = {2},
  Pages                    = {469--483},
  Volume                   = {373},

  Publisher                = {Oxford University Press}
}

@Article{ball2010data,
  Title                    = {Data mining and machine learning in astronomy},
  Author                   = {Ball, Nicholas M and Brunner, Robert J},
  Journal                  = {International Journal of Modern Physics D},
  Year                     = {2010},
  Number                   = {07},
  Pages                    = {1049--1106},
  Volume                   = {19},

  Publisher                = {World Scientific}
}

@Article{ball2007robust,
  Title                    = {Robust machine learning applied to astronomical data sets. II. Quantifying photometric redshifts for quasars using instance-based learning},
  Author                   = {Ball, Nicholas M and Brunner, Robert J and Myers, Adam D and Strand, Natalie E and Alberts, Stacey L and Tcheng, David and Llor{\`a}, Xavier},
  Journal                  = {ApJ},
  Year                     = {2007},
  Number                   = {2},
  Pages                    = {774},
  Volume                   = {663},

  Publisher                = {IOP Publishing}
}

@Article{ball2006robust,
  Title                    = {Robust machine learning applied to astronomical data sets. I. star-galaxy classification of the Sloan Digital Sky Survey DR3 using decision trees},
  Author                   = {Ball, Nicholas M and Brunner, Robert J and Myers, Adam D and Tcheng, David},
  Journal                  = {ApJ},
  Year                     = {2006},
  Number                   = {1},
  Pages                    = {497},
  Volume                   = {650},

  Publisher                = {IOP Publishing}
}

@Article{banerji2010galaxy,
  Title                    = {Galaxy Zoo: reproducing galaxy morphologies via machine learning},
  Author                   = {Banerji, Manda and Lahav, Ofer and Lintott, Chris J and Abdalla, Filipe B and Schawinski, Kevin and Bamford, Steven P and Andreescu, Dan and Murray, Phil and Raddick, M Jordan and Slosar, Anze and others},
  Journal                  = {MNRAS},
  Year                     = {2010},
  Number                   = {1},
  Pages                    = {342--353},
  Volume                   = {406},

  Publisher                = {Oxford University Press}
}

@Article{baugh2006primer,
  Title                    = {A primer on hierarchical galaxy formation: the semi-analytical approach},
  Author                   = {Baugh, Carlton M},
  Journal                  = {Reports on Progress in Physics},
  Year                     = {2006},
  Number                   = {12},
  Pages                    = {3101},
  Volume                   = {69},

  Publisher                = {IOP Publishing}
}

@Article{behroozi2010comprehensive,
  Title                    = {A comprehensive analysis of uncertainties affecting the stellar mass-halo mass relation for 0< z< 4},
  Author                   = {Behroozi, Peter S and Conroy, Charlie and Wechsler, Risa H},
  Journal                  = {ApJ},
  Year                     = {2010},
  Number                   = {1},
  Pages                    = {379},
  Volume                   = {717},

  Publisher                = {IOP Publishing}
}

@Article{benson2001comparison,
  Title                    = {A comparison of semi-analytic and smoothed particle hydrodynamics galaxy formation},
  Author                   = {Benson, AJ and Pearce, FR and Frenk, CS and Baugh, CM and Jenkins, A},
  Journal                  = {MNRAS},
  Year                     = {2001},
  Number                   = {2},
  Pages                    = {261--280},
  Volume                   = {320},

  Publisher                = {Oxford University Press}
}

@Article{benson2012galacticus,
  Title                    = {GALACTICUS: a semi-analytic model of galaxy formation},
  Author                   = {Benson, Andrew J},
  Journal                  = {New Astronomy},
  Year                     = {2012},
  Number                   = {2},
  Pages                    = {175--197},
  Volume                   = {17},

  Publisher                = {Elsevier}
}

@Article{blumenthal1984formation,
  Title                    = {FORMATION OF GALAXIES AND LARGE SCALE STRUCTURE WITH COLD DARK MATTERÃ•},
  Author                   = {Blumenthal, George R and Faber, SM and Primack, Joel R and Rees, Martin J},
  Journal                  = {Nature},
  Year                     = {1984},

  Month                    = {10},
  Number                   = {5986},
  Pages                    = {517--525},
  Volume                   = {311}
}

@Article{bower2006breaking,
  Title                    = {Breaking the hierarchy of galaxy formation},
  Author                   = {Bower, RG and Benson, AJ and Malbon, R and Helly, JC and Frenk, CS and Baugh, CM and Cole, Shaun and Lacey, Cedric G},
  Journal                  = {MNRAS},
  Year                     = {2006},
  Number                   = {2},
  Pages                    = {645--655},
  Volume                   = {370},

  Publisher                = {Oxford University Press}
}

@Article{bower2010parameter,
  Title                    = {The parameter space of galaxy formation},
  Author                   = {Bower, RG and Vernon, I and Goldstein, M and Benson, AJ and Lacey, Cedric G and Baugh, CM and Cole, Shaun and Frenk, CS},
  Journal                  = {MNRAS},
  Year                     = {2010},
  Number                   = {4},
  Pages                    = {2017--2045},
  Volume                   = {407},

  Publisher                = {Oxford University Press}
}

@Article{boylan2008dynamical,
  Title                    = {Dynamical friction and galaxy merging time-scales},
  Author                   = {Boylan-Kolchin, Michael and Ma, Chung-Pei and Quataert, Eliot},
  Journal                  = {MNRAS},
  Year                     = {2008},
  Number                   = {1},
  Pages                    = {93--101},
  Volume                   = {383},

  Publisher                = {Oxford University Press}
}

@Article{breiman2001random,
  Title                    = {Random forests},
  Author                   = {Breiman, Leo},
  Journal                  = {Machine learning},
  Year                     = {2001},
  Number                   = {1},
  Pages                    = {5--32},
  Volume                   = {45},

  Publisher                = {Springer}
}

@Article{breiman1996bagging,
  Title                    = {Bagging predictors},
  Author                   = {Breiman, Leo},
  Journal                  = {Machine learning},
  Year                     = {1996},
  Number                   = {2},
  Pages                    = {123--140},
  Volume                   = {24},

  Publisher                = {Springer}
}

@Book{breiman1984classification,
  Title                    = {Classification and regression trees},
  Author                   = {Breiman, Leo and Friedman, Jerome and Stone, Charles J and Olshen, Richard A},
  Publisher                = {CRC press},
  Year                     = {1984}
}

@Article{chabrier2003galactic,
  Title                    = {Galactic Stellar and Substellar Initial Mass Function1},
  Author                   = {Chabrier, Gilles},
  Journal                  = {Publications of the Astronomical Society of the Pacific},
  Year                     = {2003},
  Number                   = {809},
  Pages                    = {763--795},
  Volume                   = {115},

  Publisher                = {JSTOR}
}

@Article{cole1994recipe,
  Title                    = {A recipe for galaxy formation},
  Author                   = {Cole, Shaun and Aragon-Salamanca, Alfonso and Frenk, Carlos S and Navarro, Julio F and Zepf, Stephen E},
  Journal                  = {MNRAS},
  Year                     = {1994},
  Number                   = {4},
  Pages                    = {781--806},
  Volume                   = {271},

  Publisher                = {Oxford University Press}
}

@Article{cole2000hierarchical,
  Title                    = {Hierarchical galaxy formation},
  Author                   = {Cole, Shaun and Lacey, Cedric G and Baugh, Carlton M and Frenk, Carlos S},
  Journal                  = {MNRAS},
  Year                     = {2000},
  Number                   = {1},
  Pages                    = {168--204},
  Volume                   = {319},

  Publisher                = {Oxford University Press}
}

@Article{planck2015planck,
  Title                    = {Planck 2015 results. XIII. Cosmological parameters},
  Author                   = {Planck Collaboration and others},
  Journal                  = {arXiv preprint arXiv:1502.01589},
  Year                     = {2015}
}

@Article{conroy2009connecting,
  Title                    = {Connecting galaxies, halos, and star formation rates across cosmic time},
  Author                   = {Conroy, Charlie and Wechsler, Risa H},
  Journal                  = {ApJ},
  Year                     = {2009},
  Number                   = {1},
  Pages                    = {620},
  Volume                   = {696},

  Publisher                = {IOP Publishing}
}

@Article{contreras2015galaxy,
  Title                    = {The galaxy-dark matter halo connection: which galaxy properties are correlated with the host halo mass?},
  Author                   = {Contreras, S and Baugh, CM and Norberg, P and Padilla, N},
  Journal                  = {arXiv preprint arXiv:1502.06614},
  Year                     = {2015}
}

@Article{croton2006many,
  Title                    = {The many lives of active galactic nuclei: cooling flows, black holes and the luminosities and colours of galaxies},
  Author                   = {Croton, Darren J and Springel, Volker and White, Simon DM and De Lucia, Gabriella and Frenk, Carlos S and Gao, Liang and Jenkins, Adrian and Kauffmann, Guinevere and Navarro, JF and Yoshida, Naoki},
  Journal                  = {MNRAS},
  Year                     = {2006},
  Number                   = {1},
  Pages                    = {11--28},
  Volume                   = {365},

  Publisher                = {Oxford University Press}
}

@Article{cucciati2012comparison,
  Title                    = {Comparison of the VIMOS-VLT Deep Survey with the Munich semi-analytical model-II. The colour- density relation up to z\~{} 1.5},
  Author                   = {Cucciati, O and De Lucia, G and Zucca, E and Iovino, A and De la Torre, S and Pozzetti, L and Blaizot, J and Zamorani, G and Bolzonella, M and Vergani, D and others},
  Journal                  = {A\&A},
  Year                     = {2012},
  Pages                    = {A108},
  Volume                   = {548},

  Publisher                = {EDP Sciences}
}

@Article{davis1985evolution,
  Title                    = {The evolution of large-scale structure in a universe dominated by cold dark matter},
  Author                   = {Davis, Marc and Efstathiou, George and Frenk, Carlos S and White, Simon DM},
  Journal                  = {ApJ},
  Year                     = {1985},
  Pages                    = {371--394},
  Volume                   = {292}
}

@Article{de2011comparison,
  Title                    = {Comparison of the VIMOS-VLT Deep Survey with the Munich semi-analytical model-I. Magnitude counts, redshift distribution, colour bimodality, and galaxy clustering},
  Author                   = {De La Torre, S and Meneux, B and De Lucia, G and Blaizot, J and Le F{\`e}vre, O and Garilli, B and Cucciati, O and Mellier, Y and Pollo, A and Abbas, U and others},
  Journal                  = {A\&A},
  Year                     = {2011},
  Pages                    = {A125},
  Volume                   = {525},

  Publisher                = {EDP Sciences}
}

@Article{de2007hierarchical,
  Title                    = {The hierarchical formation of the brightest cluster galaxies},
  Author                   = {De Lucia, Gabriella and Blaizot, J{\'e}r{\'e}my},
  Journal                  = {MNRAS},
  Year                     = {2007},
  Number                   = {1},
  Pages                    = {2--14},
  Volume                   = {375},

  Publisher                = {Oxford University Press}
}

@Article{de2010semi,
  Title                    = {A semi-analytic model comparison--gas cooling and galaxy mergers},
  Author                   = {De Lucia, Gabriella and Boylan-Kolchin, Michael and Benson, Andrew J and Fontanot, Fabio and Monaco, Pierluigi},
  Journal                  = {MNRAS},
  Year                     = {2010},
  Number                   = {3},
  Pages                    = {1533--1552},
  Volume                   = {406},

  Publisher                = {Oxford University Press}
}

@Article{de2004chemical,
  Title                    = {Chemical enrichment of the intracluster and intergalactic medium in a hierarchical galaxy formation model},
  Author                   = {De Lucia, Gabriella and Kauffmann, Guinevere and White, Simon DM},
  Journal                  = {MNRAS},
  Year                     = {2004},
  Number                   = {3},
  Pages                    = {1101--1116},
  Volume                   = {349},

  Publisher                = {Oxford University Press}
}

@Article{de2006formation,
  Title                    = {The formation history of elliptical galaxies},
  Author                   = {De Lucia, Gabriella and Springel, Volker and White, Simon DM and Croton, Darren and Kauffmann, Guinevere},
  Journal                  = {MNRAS},
  Year                     = {2006},
  Number                   = {2},
  Pages                    = {499--509},
  Volume                   = {366},

  Publisher                = {Oxford University Press}
}

@Article{dieleman2015rotation,
  Title                    = {Rotation-invariant convolutional neural networks for galaxy morphology prediction},
  Author                   = {Dieleman, Sander and Willett, Kyle W and Dambre, Joni},
  Journal                  = {MNRAS},
  Year                     = {2015},
  Number                   = {2},
  Pages                    = {1441--1459},
  Volume                   = {450},

  Publisher                = {Oxford University Press}
}

@Article{faucher2011baryonic,
  Title                    = {The baryonic assembly of dark matter haloes},
  Author                   = {Faucher-Gigu{\`e}re, Claude-Andr{\'e} and Kere{\v{s}}, Du{\v{s}}an and Ma, Chung-Pei},
  Journal                  = {MNRAS},
  Year                     = {2011},
  Number                   = {4},
  Pages                    = {2982--2999},
  Volume                   = {417},

  Publisher                = {Oxford University Press}
}

@Article{fiorentin2007estimation,
  Title                    = {Estimation of stellar atmospheric parameters from SDSS/SEGUE spectra},
  Author                   = {Fiorentin, P Re and Bailer-Jones, CAL and Lee, YS and Beers, TC and Sivarani, T and Wilhelm, R and Prieto, C Allende and Norris, JE},
  Journal                  = {A\&A},
  Year                     = {2007},
  Number                   = {3},
  Pages                    = {1373--1387},
  Volume                   = {467},

  Publisher                = {EDP Sciences}
}

@Article{gerdes2010arborz,
  Title                    = {ArborZ: photometric redshifts using boosted decision trees},
  Author                   = {Gerdes, David W and Sypniewski, Adam J and McKay, Timothy A and Hao, Jiangang and Weis, Matthew R and Wechsler, Risa H and Busha, Michael T},
  Journal                  = {ApJ},
  Year                     = {2010},
  Number                   = {2},
  Pages                    = {823},
  Volume                   = {715},

  Publisher                = {IOP Publishing}
}

@Article{geurts2006extremely,
  Title                    = {Extremely randomized trees},
  Author                   = {Geurts, Pierre and Ernst, Damien and Wehenkel, Louis},
  Journal                  = {Machine learning},
  Year                     = {2006},
  Number                   = {1},
  Pages                    = {3--42},
  Volume                   = {63},

  Publisher                = {Springer}
}

@Article{graff2014skynet,
  Title                    = {SKYNET: an efficient and robust neural network training tool for machine learning in astronomy},
  Author                   = {Graff, Philip and Feroz, Farhan and Hobson, Michael P and Lasenby, Anthony},
  Journal                  = {MNRAS},
  Year                     = {2014},
  Number                   = {2},
  Pages                    = {1741--1759},
  Volume                   = {441},

  Publisher                = {Oxford University Press}
}

@Article{guo2011dwarf,
  Title                    = {From dwarf spheroidals to cD galaxies: simulating the galaxy population in a $\Lambda$CDM cosmology},
  Author                   = {Guo, Qi and White, Simon and Boylan-Kolchin, Michael and De Lucia, Gabriella and Kauffmann, Guinevere and Lemson, Gerard and Li, Cheng and Springel, Volker and Weinmann, Simone},
  Journal                  = {MNRAS},
  Year                     = {2011},
  Number                   = {1},
  Pages                    = {101--131},
  Volume                   = {413},

  Publisher                = {Oxford University Press}
}

@Article{henriques2009monte,
  Title                    = {Monte Carlo Markov Chain parameter estimation in semi-analytic models of galaxy formation},
  Author                   = {Henriques, Bruno MB and Thomas, Peter A and Oliver, Seb and Roseboom, Isaac},
  Journal                  = {MNRAS},
  Year                     = {2009},
  Number                   = {1},
  Pages                    = {535--547},
  Volume                   = {396},

  Publisher                = {Oxford University Press}
}

@Article{henriques2013simulations,
  Title                    = {Simulations of the galaxy population constrained by observations from z= 3 to the present day: implications for galactic winds and the fate of their ejecta},
  Author                   = {Henriques, Bruno MB and White, Simon DM and Thomas, Peter A and Angulo, Raul E and Guo, Qi and Lemson, Gerard and Springel, Volker},
  Journal                  = {MNRAS},
  Year                     = {2013},
  Number                   = {4},
  Pages                    = {3373--3395},
  Volume                   = {431},

  Publisher                = {Oxford University Press}
}

@Article{hopkins2010mergers,
  Title                    = {Mergers and bulge formation in $\lambda$cDM: which mergers matter?},
  Author                   = {Hopkins, Philip F and Bundy, Kevin and Croton, Darren and Hernquist, Lars and Keres, Dusan and Khochfar, Sadegh and Stewart, Kyle and Wetzel, Andrew and Younger, Joshua D},
  Journal                  = {ApJ},
  Year                     = {2010},
  Number                   = {1},
  Pages                    = {202},
  Volume                   = {715},

  Publisher                = {IOP Publishing}
}

@Book{ivezic2014statistics,
  Title                    = {Statistics, Data Mining, and Machine Learning in Astronomy: A Practical Python Guide for the Analysis of Survey Data: A Practical Python Guide for the Analysis of Survey Data},
  Author                   = {Ivezi{\'c}, {\v{Z}}eljko and Connolly, Andrew J and VanderPlas, Jacob T and Gray, Alexander},
  Publisher                = {Princeton University Press},
  Year                     = {2014}
}

@Article{johnson2011learning,
  Title                    = {Learning nonlinear functions using regularized greedy forest},
  Author                   = {Johnson, Rie and Zhang, Tong},
  Journal                  = {arXiv preprint arXiv:1109.0887},
  Year                     = {2011}
}

@Article{kang2005semianalytical,
  Title                    = {Semianalytical model of galaxy formation with high-resolution N-body simulations},
  Author                   = {Kang, X and Jing, YP and Mo, HJ and B{\"o}rner, G},
  Journal                  = {ApJ},
  Year                     = {2005},
  Number                   = {1},
  Pages                    = {21},
  Volume                   = {631},

  Publisher                = {IOP Publishing}
}

@Article{kauffmann1996disc,
  Title                    = {Disc galaxies at z= 0 and at high redshift: an explanation of the observed evolution of damped Lya absorption systems},
  Author                   = {Kauffmann, Guinevere},
  Journal                  = {MNRAS},
  Year                     = {1996},
  Number                   = {2},
  Pages                    = {475--486},
  Volume                   = {281},

  Publisher                = {Oxford University Press}
}

@Article{kauffmann1993formation,
  Title                    = {The formation and evolution of galaxies within merging dark matter haloes},
  Author                   = {Kauffmann, G and White, Simon DM and Guiderdoni, B},
  Journal                  = {MNRAS},
  Year                     = {1993},
  Number                   = {1},
  Pages                    = {201--218},
  Volume                   = {264},

  Publisher                = {Oxford University Press}
}

@Article{kennicutt1998global,
  Title                    = {The global Schmidt law in star-forming galaxies},
  Author                   = {Kennicutt Jr, Robert C},
  Journal                  = {ApJ},
  Year                     = {1998},
  Number                   = {2},
  Pages                    = {541},
  Volume                   = {498},

  Publisher                = {IOP Publishing}
}

@Article{kim2015hybrid,
  Title                    = {A Hybrid Ensemble Learning Approach to Star-Galaxy Classification},
  Author                   = {Kim, Edward J and Brunner, Robert J and Kind, Matias Carrasco},
  Journal                  = {arXiv preprint arXiv:1505.02200},
  Year                     = {2015}
}

@Article{kind2013tpz,
  Title                    = {TPZ: photometric redshift PDFs and ancillary information by using prediction trees and random forests},
  Author                   = {Kind, Matias Carrasco and Brunner, Robert J},
  Journal                  = {MNRAS},
  Year                     = {2013},
  Number                   = {2},
  Pages                    = {1483--1501},
  Volume                   = {432},

  Publisher                = {Oxford University Press}
}

@Article{klypin2011dark,
  Title                    = {Dark matter halos in the standard cosmological model: Results from the bolshoi simulation},
  Author                   = {Klypin, Anatoly A and Trujillo-Gomez, Sebastian and Primack, Joel},
  Journal                  = {ApJ},
  Year                     = {2011},
  Number                   = {2},
  Pages                    = {102},
  Volume                   = {740},

  Publisher                = {IOP Publishing}
}

@Article{knebe2015nifty,
  Title                    = {nIFTy Cosmology: Comparison of Galaxy Formation Models},
  Author                   = {Knebe, Alexander and Pearce, Frazer R and Thomas, Peter A and Benson, Andrew and Blaizot, Jeremy and Bower, Richard and Carretero, Jorge and Castander, Francisco J and Cattaneo, Andrea and Cora, Sofia A and others},
  Journal                  = {arXiv preprint arXiv:1505.04607},
  Year                     = {2015}
}

@Article{lemson2006halo,
  Title                    = {Halo and galaxy formation histories from the millennium simulation: Public release of a VO-oriented and SQL-queryable database for studying the evolution of galaxies in the LambdaCDM cosmogony},
  Author                   = {Lemson, Gerard and others},
  Journal                  = {arXiv preprint astro-ph/0608019},
  Year                     = {2006}
}

@Article{liu2010stellar,
  Title                    = {The stellar mass components of galaxies: comparing semi-analytical models with observation},
  Author                   = {Liu, Lei and Yang, Xiaohu and Mo, HJ and Van den Bosch, Frank C and Springel, Volker},
  Journal                  = {ApJ},
  Year                     = {2010},
  Number                   = {1},
  Pages                    = {734},
  Volume                   = {712},

  Publisher                = {IOP Publishing}
}

@Book{liu2011review,
  Title                    = {A review of self-organizing map applications in meteorology and oceanography},
  Author                   = {Liu, Yonggang and Weisberg, Robert H},
  Publisher                = {INTECH Open Access Publisher},
  Year                     = {2011}
}

@Article{martin1999properties,
  Title                    = {Properties of galactic outflows: measurements of the feedback from star formation},
  Author                   = {Martin, Crystal L},
  Journal                  = {ApJ},
  Year                     = {1999},
  Number                   = {1},
  Pages                    = {156},
  Volume                   = {513},

  Publisher                = {IOP Publishing}
}

@Article{mo1998formation,
  Title                    = {The formation of galactic discs},
  Author                   = {Mo, HJ and Mao, Shude and White, Simon DM},
  Journal                  = {MNRAS},
  Year                     = {1998},
  Number                   = {2},
  Pages                    = {319--336},
  Volume                   = {295},

  Publisher                = {Oxford University Press}
}

@Article{monaco2014semi,
  Title                    = {A semi-analytic model comparison: testing cooling models against hydrodynamical simulations},
  Author                   = {Monaco, Pierluigi and Benson, Andrew J and De Lucia, Gabriella and Fontanot, Fabio and Borgani, Stefano and Boylan-Kolchin, Michael},
  Journal                  = {MNRAS},
  Year                     = {2014},
  Number                   = {3},
  Pages                    = {2058--2077},
  Volume                   = {441},

  Publisher                = {Oxford University Press}
}

@Article{moster2010constraints,
  Title                    = {Constraints on the relationship between stellar mass and halo mass at low and high redshift},
  Author                   = {Moster, Benjamin P and Somerville, Rachel S and Maulbetsch, Christian and Van den Bosch, Frank C and Macci{\`o}, Andrea V and Naab, Thorsten and Oser, Ludwig},
  Journal                  = {ApJ},
  Year                     = {2010},
  Number                   = {2},
  Pages                    = {903},
  Volume                   = {710},

  Publisher                = {IOP Publishing}
}

@Article{neistein2010degeneracy,
  Title                    = {The degeneracy of galaxy formation models},
  Author                   = {Neistein, Eyal and Weinmann, Simone M},
  Journal                  = {MNRAS},
  Year                     = {2010},
  Number                   = {4},
  Pages                    = {2717--2736},
  Volume                   = {405},

  Publisher                = {Oxford University Press}
}

@Article{ntampaka2015machine,
  Title                    = {A Machine Learning Approach for Dynamical Mass Measurements of Galaxy Clusters},
  Author                   = {Ntampaka, Michelle and Trac, Hy and Sutherland, Dougal J and Battaglia, Nicholas and Poczos, Barnabas and Schneider, Jeff},
  Journal                  = {ApJ},
  Year                     = {2015},
  Number                   = {2},
  Pages                    = {50},
  Volume                   = {803},

  Publisher                = {IOP Publishing}
}

@Article{pedregosa2011scikit,
  Title                    = {Scikit-learn: Machine learning in Python},
  Author                   = {Pedregosa, Fabian and Varoquaux, Ga{\"e}l and Gramfort, Alexandre and Michel, Vincent and Thirion, Bertrand and Grisel, Olivier and Blondel, Mathieu and Prettenhofer, Peter and Weiss, Ron and Dubourg, Vincent and others},
  Journal                  = {The Journal of Machine Learning Research},
  Year                     = {2011},
  Pages                    = {2825--2830},
  Volume                   = {12},

  Publisher                = {JMLR. org}
}

@Article{peebles1982large,
  Title                    = {Large-scale background temperature and mass fluctuations due to scale-invariant primeval perturbations},
  Author                   = {Peebles, PJE},
  Journal                  = {Astrophys. J},
  Year                     = {1982},
  Pages                    = {L1--L5},
  Volume                   = {263},

  Publisher                = {World Scientific}
}

@Article{roe2005boosted,
  Title                    = {Boosted decision trees as an alternative to artificial neural networks for particle identification},
  Author                   = {Roe, Byron P and Yang, Hai-Jun and Zhu, Ji and Liu, Yong and Stancu, Ion and McGregor, Gordon},
  Journal                  = {Nuclear Instruments and Methods in Physics Research Section A: Accelerators, Spectrometers, Detectors and Associated Equipment},
  Year                     = {2005},
  Number                   = {2},
  Pages                    = {577--584},
  Volume                   = {543},

  Publisher                = {Elsevier}
}

@Article{schaye2015eagle,
  Title                    = {The EAGLE project: simulating the evolution and assembly of galaxies and their environments},
  Author                   = {Schaye, Joop and Crain, Robert A and Bower, Richard G and Furlong, Michelle and Schaller, Matthieu and Theuns, Tom and Dalla Vecchia, Claudio and Frenk, Carlos S and McCarthy, IG and Helly, John C and others},
  Journal                  = {MNRAS},
  Year                     = {2015},
  Number                   = {1},
  Pages                    = {521--554},
  Volume                   = {446},

  Publisher                = {Oxford University Press}
}

@Book{silverman1986density,
  Title                    = {Density estimation for statistics and data analysis},
  Author                   = {Silverman, Bernard W},
  Publisher                = {CRC press},
  Year                     = {1986},
  Volume                   = {26}
}

@Article{skillman2014dark,
  Title                    = {Dark Sky Simulations: Early Data Release},
  Author                   = {Skillman, Samuel W and Warren, Michael S and Turk, Matthew J and Wechsler, Risa H and Holz, Daniel E and Sutter, PM},
  Journal                  = {arXiv preprint arXiv:1407.2600},
  Year                     = {2014}
}

@Article{somerville2014physical,
  Title                    = {Physical Models of Galaxy Formation in a Cosmological Framework},
  Author                   = {Somerville, Rachel S and Dav{\'e}, Romeel},
  Journal                  = {arXiv preprint arXiv:1412.2712},
  Year                     = {2014}
}

@Article{somerville2008semi,
  Title                    = {A semi-analytic model for the co-evolution of galaxies, black holes and active galactic nuclei},
  Author                   = {Somerville, Rachel S and Hopkins, Philip F and Cox, Thomas J and Robertson, Brant E and Hernquist, Lars},
  Journal                  = {MNRAS},
  Year                     = {2008},
  Number                   = {2},
  Pages                    = {481--506},
  Volume                   = {391},

  Publisher                = {Oxford University Press}
}

@Article{somerville1999semi,
  Title                    = {Semi-analytic modelling of galaxy formation: the local Universe},
  Author                   = {Somerville, Rachel S and Primack, Joel R},
  Journal                  = {MNRAS},
  Year                     = {1999},
  Number                   = {4},
  Pages                    = {1087--1110},
  Volume                   = {310},

  Publisher                = {Oxford University Press}
}

@Article{springel2005cosmological,
  Title                    = {The cosmological simulation code GADGET-2},
  Author                   = {Springel, Volker},
  Journal                  = {MNRAS},
  Year                     = {2005},
  Number                   = {4},
  Pages                    = {1105--1134},
  Volume                   = {364},

  Publisher                = {Oxford University Press}
}

@Article{springel2005simulations,
  Title                    = {Simulations of the formation, evolution and clustering of galaxies and quasars},
  Author                   = {Springel, Volker and White, Simon DM and Jenkins, Adrian and Frenk, Carlos S and Yoshida, Naoki and Gao, Liang and Navarro, Julio and Thacker, Robert and Croton, Darren and Helly, John and others},
  Journal                  = {Nature},
  Year                     = {2005},
  Number                   = {7042},
  Pages                    = {629--636},
  Volume                   = {435},

  Publisher                = {Nature Publishing Group}
}

@Article{springel2001populating,
  Title                    = {Populating a cluster of galaxies--I. Results at z= 0},
  Author                   = {Springel, Volker and White, Simon DM and Tormen, Giuseppe and Kauffmann, Guinevere},
  Journal                  = {MNRAS},
  Year                     = {2001},
  Number                   = {3},
  Pages                    = {726--750},
  Volume                   = {328},

  Publisher                = {Oxford University Press}
}

@Article{sutherland1993cooling,
  Title                    = {Cooling functions for low-density astrophysical plasmas},
  Author                   = {Sutherland, Ralph S and Dopita, Michael A},
  Journal                  = {ApJ Supplement Series},
  Year                     = {1993},
  Pages                    = {253--327},
  Volume                   = {88}
}

@Article{vogelsberger2014introducing,
  Title                    = {Introducing the Illustris Project: Simulating the coevolution of dark and visible matter in the Universe},
  Author                   = {Vogelsberger, Mark and Genel, Shy and Springel, Volker and Torrey, Paul and Sijacki, Debora and Xu, Dandan and Snyder, Greg and Nelson, Dylan and Hernquist, Lars},
  Journal                  = {MNRAS},
  Year                     = {2014},
  Number                   = {2},
  Pages                    = {1518--1547},
  Volume                   = {444},

  Publisher                = {Oxford University Press}
}

@Article{wang2007modelling,
  Title                    = {Modelling and interpreting the dependence of clustering on the spectral energy distributions of galaxies},
  Author                   = {Wang, Lan and Li, Cheng and Kauffmann, Guinevere and De Lucia, Gabriella},
  Journal                  = {MNRAS},
  Year                     = {2007},
  Number                   = {4},
  Pages                    = {1419--1430},
  Volume                   = {377},

  Publisher                = {Oxford University Press}
}

@Article{weinmann2010cluster,
  Title                    = {Cluster galaxies die hard},
  Author                   = {Weinmann, Simone M and Kauffmann, Guinevere and Von Der Linden, Anja and De Lucia, Gabriella},
  Journal                  = {MNRAS},
  Year                     = {2010},
  Number                   = {4},
  Pages                    = {2249--2266},
  Volume                   = {406},

  Publisher                = {Oxford University Press}
}

@Article{white1991galaxy,
  Title                    = {Galaxy formation through hierarchical clustering},
  Author                   = {White, Simon DM and Frenk, Carlos S},
  Journal                  = {ApJ},
  Year                     = {1991},
  Pages                    = {52--79},
  Volume                   = {379}
}

@Book{witten2005data,
  Title                    = {Data Mining: Practical machine learning tools and techniques},
  Author                   = {Witten, Ian H and Frank, Eibe},
  Publisher                = {Morgan Kaufmann},
  Year                     = {2005}
}

@Article{xu1994new,
  Title                    = {A new parallel N-body gravity solver: TPM},
  Author                   = {Xu, Guohong},
  Journal                  = {arXiv preprint astro-ph/9409021},
  Year                     = {1994}
}

@Article{xu2013first,
  Title                    = {A First Look at creating mock catalogs with machine learning techniques},
  Author                   = {Xu, Xiaoying and Ho, Shirley and Trac, Hy and Schneider, Jeff and Poczos, Barnabas and Ntampaka, Michelle},
  Journal                  = {ApJ},
  Year                     = {2013},
  Number                   = {2},
  Pages                    = {147},
  Volume                   = {772},

  Publisher                = {IOP Publishing}
}

@Article{yoshida2002gas,
  Title                    = {Gas cooling in simulations of the formation of the galaxy population},
  Author                   = {Yoshida, Naoki and Stoehr, Felix and Springel, Volker and White, Simon DM},
  Journal                  = {MNRAS},
  Year                     = {2002},
  Number                   = {3},
  Pages                    = {762--772},
  Volume                   = {335},

  Publisher                = {Oxford University Press}
}